% This file was created with JabRef 2.3.1.
% Encoding: UTF-8

@book{Winston:1994,
	title={Operations Research: Applications and Algorithms},
  	author={Winston, W.L.},
  	year={1994},
	publisher={International Thomson Pub.}
}


@book{HillierLiebermann:1991,
	title={Introducci{\'o}n a la investigaci{\'o}n de operaciones},
	author={Hillier, F.S. and Lieberman, G.J. and Osuna, M.G.},
  	year={1991},
	publisher={McGraw-Hill}
}

@book{Rardin:1998,
	title={Optimization in operations research},
	author={Rardin, R.L.},
	year={1998},
	publisher={Prentice Hall}
}

@book{Taha:1998,
	title={Investigaci{\'o}n de Operaciones},
	author={Taha, H.A. and Pozo, V.G.},
	year={2004},
	publisher={Pearson Educaci{\'o}n}
}

@book{AndersonSweeneyWilliams:1999,
	title={An Introduction to Management Science: Quantitative Approaches to Decision Making},
	author={David R. Anderson, Dennis J. Swenney, Thomas A. Williams \& J. Loucks},
	year={1999},
	publisher={West Publishing Company}
}

@book{ParticleSwarm:Optimization,
	title={Robot Path Planning using Particle Swarm Optimization of Ferguson Splines},
	author={Martin Saska,Martin Macas, Libor Preucil \& Lenka Lhotská},
}
@book{ trayectorias:2006,
    title={ Planteamiento de trayectorias de un robot movi},
    Author={Diego Alexander Tibaduiza},
    year={2006},
    publisher={Tesis}
}
@book{ Seguimiento:2014,
    title={ Planeación y Seguimiento de Trayectorias de un Vehículo Terrestre con Base en el Control de Dirección en un Ambiente Real},
    Author={Ruben Darío Hernandez Beleño, Giovani Bernardes Vítor 2, Janito Vaqueiro Ferreira 3, Pablo Siqueira Meirelles 3},
    year={2014},
    publisher={Scientia et Technica}
}

@ARTICLE{
    Robotica:2012,
    author = {B., Flor Ángela and F., Alejandro},
    title = {LA ROBÓTICA COMO UN RECURSO PARA FACILITAR EL APRENDIZAJE Y DESARROLLO DE COMPETENCIAS GENERALES},
    year = {2012},
    journal = {Teoría de la Educación. Educación y Cultura en la Sociedad de la Información},
    volume = {13},
    pages = {120-136},
    keywords = {Robótica educativa; ambientes de aprendizaje.; Robotics education; learning environment.; },
    language = {Español},
    url = {https://www.redalyc.org/articulo.oa?id=201024390007},
    abstract = { La creciente importancia que tiene la tecnología en el mundo hoy en día y su continuo desarrollo, hace que la tecnología, en sí misma, se convierte en parte integral del proceso de formación en la niñez y la juventud. Por esta razón es importante desarrollar propuestas en las que se ofrezca a niños y jóvenes la posibilidad de entrar en contacto con las nuevas tecnologías; esto es posible a través...}
} 

@book{ Dynamic:1957,
    title={ Dynamic  Programming},
    Author={BELLMAN,  R.},
    year={1957},
    publisher={Princeton University Press}
}

@article{PlanificacionPD:2011,
    author = {Orlando Torres Piñeiro, Maykel and V, Moreno Vega,},
    year = {2011},
    month = {01},
    pages = {},
    title = {Planificación de trayectorias mediante Programación Dinámica},
    volume = {31},
    journal = {Revista Ingeniería Electrónica, Automática y Comunicaciones},
    doi = {10.1234/rielac.v31i2.3}
}
